@article{Heckman05,
 author = {James J. Heckman and Edward Vytlacil},
 journal = {Econometrica},
 number = {3},
 pages = {669--738},
 publisher = {[Wiley, Econometric Society]},
 title = {Structural Equations, Treatment Effects, and Econometric Policy Evaluation},
 volume = {73},
 year = {2005}
}

@article{Chen1999,
title = {Consistent hypothesis testing in semiparametric and nonparametric models for econometric time series},
journal = {Journal of Econometrics},
volume = {91},
number = {2},
pages = {373-401},
year = {1999},
author = {Xiaohong Chen and Yanqin Fan},
}